@article{ arsmith, 
	author = "Alvy Ray Smith III",
	title = "Cellular Automata Complexity Trade-Offs",
	journal = "Information and Control",
	year = "1971",
	pages = "446-482"
}
@article{ tessellation,
	author = "H. Yamada and S. Amoroso",
	title = "Tessellation Automata",
	journal = "Information and Control"
	year = "1969",
	pages = "299-317"

@book{ seashells,
	author = "Hans Meinhardt",
	title = "The Algorithmic Beauty of Sea Shells",
	publisher = "Springer",
	edition = "3rd",
	year = "2003",
	isbn = "3-540-44010-0"
}

@article{ gameoflife,
	author = "Martin Gardner",
	title = "Mathematical Games",
	journal = "Scientific American",	
	year = "1970",
	note = "The game was designed by John Horton Conway."
}

@article{ turingmorph,
	author = "A M Turing",
	title = "The Chemical Basis of Morphogenesis",
	journal = "Philosophical Transactions of the Royal Society of London. Series B, Biological Sciences",
	volume = "237",
	year = "1952",
	pages = "37-72"
}

@book{test,
	author = "bug",
	title = "Is This Working",
	publisher = "Help"
}
	
